
@article{Funkhouser:2003:SEM:588272.588279,
 author = {Funkhouser, Thomas and Min, Patrick and Kazhdan, Michael and Chen, Joyce and Halderman, Alex and Dobkin, David and Jacobs, David},
 title = {A Search Engine for 3D Models},
 journal = {ACM Trans. Graph.},
 issue_date = {January 2003},
 volume = {22},
 number = {1},
 month = jan,
 year = {2003},
 issn = {0730-0301},
 pages = {83--105},
 numpages = {23},
 url = {http://doi.acm.org/10.1145/588272.588279},
 doi = {10.1145/588272.588279},
 acmid = {588279},
 publisher = {ACM},
 address = {New York, NY, USA},
 keywords = {Search engine, shape matching, shape representation, shape retrieval},
} 

@article {CGF:CGF12200,
author = {Xie, Xiaohua and Xu, Kai and Mitra, Niloy J. and Cohen-Or, Daniel and Gong, Wenyong and Su, Qi and Chen, Baoquan},
title = {Sketch-to-Design: Context-Based Part Assembly},
journal = {Computer Graphics Forum},
volume = {32},
number = {8},
issn = {1467-8659},
url = {http://dx.doi.org/10.1111/cgf.12200},
doi = {10.1111/cgf.12200},
pages = {233--245},
keywords = {sketch-based modelling, assembly-based modelling, context, interface design, 1.3.5 [Computer Graphics]: Computational Geometry and Object Modellingâ€”Constructive solid geometry},
year = {2013},
}

@inproceedings{Igarashi:2007:TSI:1281500.1281532,
 author = {Igarashi, Takeo and Matsuoka, Satoshi and Tanaka, Hidehiko},
 title = {Teddy: A Sketching Interface for 3D Freeform Design},
 booktitle = {ACM SIGGRAPH 2007 Courses},
 series = {SIGGRAPH '07},
 year = {2007},
 isbn = {978-1-4503-1823-5},
 location = {San Diego, California},
 articleno = {21},
 url = {http://doi.acm.org/10.1145/1281500.1281532},
 doi = {10.1145/1281500.1281532},
 acmid = {1281532},
 publisher = {ACM},
 address = {New York, NY, USA},
 keywords = {3D modeling, chordal axes, design, gestures, inflation, pen-based systems, sketching},
} 

@inproceedings{Zeleznik:2007:SIS:1281500.1281530,
 author = {Zeleznik, Robert C. and Herndon, Kenneth P. and Hughes, John F.},
 title = {SKETCH: An Interface for Sketching 3D Scenes},
 booktitle = {ACM SIGGRAPH 2007 Courses},
 series = {SIGGRAPH '07},
 year = {2007},
 isbn = {978-1-4503-1823-5},
 location = {San Diego, California},
 articleno = {19},
 url = {http://doi.acm.org/10.1145/1281500.1281530},
 doi = {10.1145/1281500.1281530},
 acmid = {1281530},
 publisher = {ACM},
 address = {New York, NY, USA},
 keywords = {3D modeling, direct manipulation, gestural interface, interaction techniques, nonphotorealistic rendering, sketching},
} 

@inproceedings{belongie2001matching,
  title={Matching shapes},
  author={Belongie, Serge and Malik, Jitendra and Puzicha, Jan},
  booktitle={Computer Vision, 2001. ICCV 2001. Proceedings. Eighth IEEE International Conference on},
  volume={1},
  pages={454--461},
  year={2001},
  organization={IEEE}
}

@article{belongie2002shape,
  title={Shape matching and object recognition using shape contexts},
  author={Belongie, Serge and Malik, Jitendra and Puzicha, Jan},
  journal={Pattern Analysis and Machine Intelligence, IEEE Transactions on},
  volume={24},
  number={4},
  pages={509--522},
  year={2002},
  publisher={IEEE}
}

@inproceedings{kazhdan2003rotation,
  title={Rotation invariant spherical harmonic representation of 3 D shape descriptors},
  author={Kazhdan, Michael and Funkhouser, Thomas and Rusinkiewicz, Szymon},
  booktitle={Symposium on geometry processing},
  volume={6},
  year={2003}
}

@inproceedings{sundar2003skeleton,
  title={Skeleton based shape matching and retrieval},
  author={Sundar, Hari and Silver, Deborah and Gagvani, Nikhil and Dickinson, S},
  booktitle={Shape Modeling International, 2003},
  pages={130--139},
  year={2003},
  organization={IEEE}
}

@inproceedings{shilane2004princeton,
  title={The princeton shape benchmark},
  author={Shilane, Philip and Min, Patrick and Kazhdan, Michael and Funkhouser, Thomas},
  booktitle={Shape modeling applications, 2004. Proceedings},
  pages={167--178},
  year={2004},
  organization={IEEE}
}

@inproceedings{min2003early,
  title={Early experiences with a 3D model search engine},
  author={Min, Patrick and Halderman, John A and Kazhdan, Michael and Funkhouser, Thomas A},
  booktitle={Proceedings of the eighth international conference on 3D Web technology},
  pages={7--ff},
  year={2003},
  organization={ACM}
}

@inproceedings{shen20033d,
  title={3D model search engine based on lightfield descriptors},
  author={Shen, Yu-Te and Chen, Ding-Yun and Tian, Xiao-Pei and Ouhyoung, Ming},
  booktitle={Proc. eurographics},
  year={2003}
}

@inproceedings{iyer2005engineering,
  title={An engineering shape benchmark for 3D models},
  author={Iyer, Natraj and Jayanti, Subramaniam and Ramani, Karthik},
  booktitle={ASME 2005 International Design Engineering Technical Conferences and Computers and Information in Engineering Conference},
  pages={501--509},
  year={2005},
  organization={American Society of Mechanical Engineers}
}

@inproceedings{kim2001graph,
  title={Graph representation by medial axis transform for 3D image retrieval},
  author={Kim, Duck H and Yun, Il D and Lee, Sang U},
  booktitle={Photonics West 2001-Electronic Imaging},
  pages={223--230},
  year={2001},
  organization={International Society for Optics and Photonics}
}

@article{gal2009iwires,
  title={iWIRES: an analyze-and-edit approach to shape manipulation},
  author={Gal, Ran and Sorkine, Olga and Mitra, Niloy J and Cohen-Or, Daniel},
  journal={ACM Transactions on Graphics (TOG)},
  volume={28},
  number={3},
  pages={33},
  year={2009},
  publisher={ACM}
}

@inproceedings{sundar2003skeleton,
  title={Skeleton based shape matching and retrieval},
  author={Sundar, Hari and Silver, Deborah and Gagvani, Nikhil and Dickinson, S},
  booktitle={Shape Modeling International, 2003},
  pages={130--139},
  year={2003},
  organization={IEEE}
}

@article{belongie2002shape,
  title={Shape matching and object recognition using shape contexts},
  author={Belongie, Serge and Malik, Jitendra and Puzicha, Jan},
  journal={Pattern Analysis and Machine Intelligence, IEEE Transactions on},
  volume={24},
  number={4},
  pages={509--522},
  year={2002},
  publisher={IEEE}
}

@inproceedings{shen20033d,
  title={3D model search engine based on lightfield descriptors},
  author={Shen, Yu-Te and Chen, Ding-Yun and Tian, Xiao-Pei and Ouhyoung, Ming},
  booktitle={Proc. eurographics},
  year={2003}
}

@inproceedings{fleishman2003bilateral,
  title={Bilateral mesh denoising},
  author={Fleishman, Shachar and Drori, Iddo and Cohen-Or, Daniel},
  booktitle={ACM Transactions on Graphics (TOG)},
  volume={22},
  number={3},
  pages={950--953},
  year={2003},
  organization={ACM}
}

@article{mousa2006direct,
  title={Direct spherical harmonic transform of a triangulated mesh},
  author={Mousa, Mohamed and Chaine, Rapha{\"e}lle and Akkouche, Samir},
  journal={Journal of Graphics, GPU, and Game Tools},
  volume={11},
  number={2},
  pages={17--26},
  year={2006},
  publisher={Taylor \& Francis}
}